<?xml version="1.0" encoding="UTF-8"?><record xmlns="http://www.loc.gov/MARC21/slim" xmlns:cinclude="http://apache.org/cocoon/include/1.0" xmlns:zs="http://www.loc.gov/zing/srw/">
  <leader>00413nz  a2200133n  4500</leader>
  <controlfield tag="001">n  89643767 </controlfield>
  <controlfield tag="003">DLC</controlfield>
  <controlfield tag="005">19890804123728.4</controlfield>
  <controlfield tag="008">890804n| acannaab|          |a aaa |||  </controlfield>
  <datafield tag="010" ind1=" " ind2=" ">
    <subfield code="a">n  89643767 </subfield>
  </datafield>
  <datafield tag="040" ind1=" " ind2=" ">
    <subfield code="a">DLC</subfield>
    <subfield code="c">DLC</subfield>
    <subfield code="d">DLC</subfield>
  </datafield>
  <datafield tag="100" ind1="1" ind2="0">
    <subfield code="a">Chaskiel, P.</subfield>
    <subfield code="q">(Patrick)</subfield>
  </datafield>
  <datafield tag="400" ind1="1" ind2="0">
    <subfield code="a">Chaskiel, Patrick</subfield>
  </datafield>
  <datafield tag="670" ind1=" " ind2=" ">
    <subfield code="a">His Pompey, c1988:</subfield>
    <subfield code="b">t.p. (P. Chaskiel) p. 4 of cover (Patrick Chaskiel; assistant d'eĚconomie aĚ l'IUT de Nancy)</subfield>
  </datafield>
</record>